% file: refs.bib
% description: reference file for ppg-em seminar template
% Encoding: UTF-8

@misc{queiroz_func_prog,
  author = {QUEIROZ, PHILLIPE CÉSAR GOMES DE},
  title = {CONHECENDO A PROGRAMAÇÃO FUNCIONAL},
  type = { Trabalho de COnclusão de Curso },
  school = { UNIVERSIDADE FEDERAL DO CEARÁ },
  publisher = {UNIVERSIDADE FEDERAL DO CEARÁ},
  url = { https://repositorio.ufc.br/bitstream/riufc/78403/3/2024_tcc_pcgqueiroz.pdf },
  year = { 2024 },
  note = {Acessado em: 2025-06-22},
}

@online{goncalves_func_prog,
  author = {Gonçalves, Marcelo M.},
  title = {Programação Funcional: Teoria e Conceitos},
  type = { Trabalho de COnclusão de Curso },
  url = {https://medium.com/@marcelomg21/programa%C3%A7%C3%A3o-funcional-teoria-e-conceitos-975375cfb010},
  year = {2022},
  note = {Acessado em: 22/06/2025},
}

@online{wiki_jupyter_notebook,
  author = {Wikipédia},
  title = {Projeto Jupyter},
  year = {2024},
  url = {https://pt.wikipedia.org/wiki/Projeto_Jupyter},
  note = {Acessado em: 22/06/2025},
}

@online{wiki_dfs,
  author = {Wikipédia},
  title = {Busca em profundidade},
  year = {2020},
  url = {https://pt.wikipedia.org/wiki/Busca_em_profundidade},
  note = {Acessado em: 23/06/2025.},
}

@online{wiki_deadlock,
  author = {Wikipédia},
  title = {Deadlock},
  year = {2025},
  url = {https://pt.wikipedia.org/wiki/Deadlock},
  note = {Acessado em: 22/06/2025.},
}

@online{wiki_multithreading,
  author = {Wikipédia},
  title = {Multithreading},
  year = {2025},
  url = {https://en.wikipedia.org/wiki/Multithreading_(computer_architecture)},
  note = {Acessado em: 22/06/2025.},
}

@online{mdn_escopo,
  author = {MDN Web Docs},
  title = {Escopo},
  year = {2024},
  url = {https://pt.wikipedia.org/wiki/Falha_(tecnologia)},
  note = {Acessado em: 22/06/2025.},
}

@online{wiki_bug,
  author = {Wikipédia},
  title = {Falha (tecnologia)},
  year = {2025},
  url = {https://developer.mozilla.org/pt-BR/docs/Glossary/Scope},
  note = {Acessado em: 22/06/2025.},
}

@online{w3schools_python,
  author = {W3Schools},
  title = {Python Tutorial},
  year = {2023},
  url = {https://www.w3schools.com/python/default.asp},
  urldate = {2025-06-16},  % Update to the date you accessed it
  note = {Accessed: 2025-06-16},
}

@online{wiki_immutable,
  author = {Wikipedia},
  title = {Immutable object},
  year = {2025},
  url = {https://en.wikipedia.org/wiki/Immutable_object},
  urldate = {2025-06-16},  % Update to the date you accessed it
  note = {Accessed: 2025-06-16},
}

@TECHREPORT{amarante2001,
  author = {Odilon A. Camargo do Amarante and Michael Brower and John Zack and
	Antonio Leite de S\'a},
  title = {Atlas do potencial e\'olico brasileiro},
  institution = {CRESESB/CEPEL},
  year = {2001}
}

@ARTICLE{ambrosini2004,
  author = {W. Ambrosini and N. Forgione and J. C. Ferreri and M. Bucci},
  title = {The effect of wall friction in single-phase natural circulation stability
	at the transition between laminar and turbulent flow},
  journal = {Annals of Nuclear Energy},
  year = {2004},
  volume = {31},
  pages = {1833--1865}
}

@MASTERSTHESIS{rabellomsc2007,
  author = {Gustavo R. Anjos},
  title = {Solu\c c\~ao do Campo Hidrodin\^amico em C\'elulas Eletroqu\'imicas
	pelo M\'etodo de Elementos Finitos},
  school = {COPPE/UFRJ},
  year = {2007},
  month = {Mar\c co}
}

@BOOK{batchelor1994,
  title = {An Introduction to Fluid Dynamics},
  publisher = {Cambridge University Press},
  year = {1994},
  author = {George Keith Batchelor}
}

@INPROCEEDINGS{lima2009,
  author = {Leon M. R. de Lima and Norberto Mangiavacchi and Jos\'e Pontes and
	J. Fontoura},
  title = {Laterally averaged 2D model for thermal stratification simulations
	in reservoir environments},
  booktitle = {Anais do XX Congresso Brasileiro de Engenharia Mec\^anica (COBEM2009)},
  year = {2009},
  address = {Gramado, RS},
  publisher = {CD-ROM}
}

@PHDTHESIS{loureirophd2008,
  author = {J. B. R. Loureiro},
  title = {Escoamento Turbulento sobre Colinas Abruptas Lisas e Rugosas com
	Extensas Regi\~oes de Separa\c c\~ao},
  school = {COPPE/UFRJ},
  year = {2008},
  type = {Tese de doutorado},
  address = {Rio de Janeiro - RJ}
}

@MISC{mangiavacchi2000,
  author = {Mangiavacchi, N. and Castelo, A. and Cuminato, J. A. and Fortuna,
	A. O. and Tom\'e, M. F. and Nonato, L. G. and McKee, S.},
  title = {Numerical Simulation of Surface Tension Dominated Axisymmetric Free
	Surface Flows},
  howpublished = {ENCIT'2000, CD-ROM},
  year = {2000}
}

